% Encoding: UTF-8

@Article{Motlagh2009,
  author       = {Motlagh and O.},
  date         = {2009},
  journaltitle = {Science alert},
  title        = {A Review on Positioning Techniques and Technologies: A Novel AI Approach},
  url          = {https://scialert.net/fulltextmobile/?doi=jas.2009.1601.1614},
  owner        = {robdeputter},
  publisher    = {Science alert},
  timestamp    = {2019.12.05},
  year         = {2009},
}

@Article{Pouria2016,
  author       = {Pouria, Amirian and Anahid, Basiri},
  date         = {2016},
  journaltitle = {Springer link},
  title        = {Landmark-Based Pedestrian Navigation Using Augmented Reality and Machine Learning},
  url          = {https://link.springer.com/chapter/10.1007/978-3-319-19602-2_27},
  owner        = {robdeputter},
  publisher    = {Springer link},
  timestamp    = {2019.12.07},
  year         = {2016},
}

@Article{Haikun2017,
  author       = {Haikun, Huang and Ni-Ching, Lin and Lorenzo, Barrett and Darian, Springer},
  date         = {2017},
  journaltitle = {GroundAI},
  title        = {Way to Go! Automatic Optimization of Wayfinding Design},
  url          = {https://arxiv.org/pdf/1706.08891.pdf},
  owner        = {robdeputter},
  publisher    = {GroundAI},
  timestamp    = {2019.12.05},
  year         = {2017},
}

@Article{Liang2015,
  author       = {Ming, Liang and Xiaolin, Hu},
  date         = {2015},
  journaltitle = {The IEEE Conference on Computer Vision and Pattern Recognition},
  title        = {Recurrent Convolutional Neural Network for Object Recognition},
  url          = {https://www.cv-foundation.org/openaccess/content_cvpr_2015/papers/Liang_Recurrent_Convolutional_Neural_2015_CVPR_paper.pdf},
  owner        = {robdeputter},
  publisher    = {The IEEE Conference on Computer Vision and Pattern Recognition},
  timestamp    = {2019.12.05},
  year         = {2015},
}

@Article{Hasan2019,
  author       = {Wisam-Hasam, Ali and Amnah-Abas, Kareem and Manal, Jasim},
  date         = {2019},
  journaltitle = {Department of Electrical Engineering, University of Technology, Baghdad, Iraq},
  title        = {Survey on Wireless Indoor Positioning Systems},
  url          = {https://journals.cihanuniversity.edu.iq/index.php/cuesj/article/view/111},
  owner        = {robdeputter},
  publisher    = {Department of Electrical Engineering, University of Technology, Baghdad, Iraq},
  timestamp    = {2020.03.22},
  year         = {2019},
}

@Article{Hart2019,
  author       = {Andrew Hart},
  date         = {2019-09-26},
  journaltitle = {Dent Reality},
  title        = {Dent Reality â€” Building the future of Indoor AR navigation},
  url          = {https://medium.com/dent-reality/dent-reality-building-the-future-of-indoor-ar-navigation-9dd6431b31d6},
}

@Article{Zhang2017,
  author       = {Zhang, He and Cang, Ye},
  date         = {2017},
  journaltitle = {The Ieee Engineering in Medicine and Biology Society},
  title        = {An Indoor Wayfinding System Based on Geometric Features Aided Graph SLAM for the Visually Impaired},
  url          = {https://www.ncbi.nlm.nih.gov/pubmed/28320671},
  owner        = {robdeputter},
  publisher    = {The Ieee Engineering in Medicine and Biology Society},
  timestamp    = {2019.12.05},
  year         = {2017},
}

@Article{ObjRec2020,
  author       = {MathWorks},
  date         = {2020},
  journaltitle = {MathWorks},
  title        = {Object Recognition, 3 things you need to know},
  url          = {https://www.mathworks.com/solutions/image-video-processing/object-recognition.html},
}

@Article{NewGenApps2017,
  author       = {NewGenApps},
  date         = {2017},
  journaltitle = {New Gen Apps},
  title        = {Know the Augmented Reality Technology: How does AR Work?},
  url          = {https://www.newgenapps.com/blog/augmented-reality-technology-how-ar-works},
}

@Article{MAXST2019,
  author       = {MAXST},
  date         = {2019},
  journaltitle = {Medium},
  title        = {Visual SLAM Dunk: How the AR Metaverse Sees Further},
  url          = {https://medium.com/maxst/visual-slam-dunk-how-the-ar-metaverse-sees-further-6b0c2f93f908},
}

@Article{AVRSpot2018,
  author       = {AVRSpot},
  date         = {2018},
  journaltitle = {AVR Spot},
  title        = {How Apps Like AR Wayfinding Gatwick Airport Can Help Promote Your Brand},
  url          = {https://www.avrspot.com/apps-like-ar-wayfinding-gatwick-airport-can-help-promote-brand/},
}

@Article{Arshed2018,
  author       = {Saad Arshed},
  date         = {2018},
  journaltitle = {Medium},
  title        = {9 Best Frameworks for Developing Augmented Reality Apps},
  url          = {https://medium.com/@saad_66516/best-frameworks-for-building-augmented-reality-apps-c5ec07575441},
}

@Article{Unity2019,
  author = {Unity},
  date   = {2019},
  url    = {https://unity.com},
}

@Article{UnrealEngine2019,
  author = {UnrealEngine},
  date   = {2019},
  url    = {https://logodix.com/unreal},
}

@Article{Apple2019,
  author = {Apple},
  date   = {2019},
  url    = {https://developer.apple.com/news/?id=06032019f},
}

@Article{ARCore2019,
  author = {Wesley Akkerman},
  date   = {2019},
  url    = {https://www.want.nl/arcore-update-augmented-reality-google/},
}

@Article{Toole2019,
  author       = {Jameson Toole},
  date         = {2019},
  journaltitle = {Medium},
  title        = {Combining artificial intelligence and augmented reality in mobile apps},
  url          = {https://heartbeat.fritz.ai/combining-artificial-intelligence-and-augmented-reality-in-mobile-apps-e0e0ad2cfddc},
}

@Article{AppleML2020,
  author       = {AppleDeveloper},
  date         = {2020},
  journaltitle = {Apple Developer},
  title        = {Core ML (Framework)},
  url          = {https://developer.apple.com/documentation/coreml},
}

@Article{TensorFlowLite2020,
  author       = {TensorFlow},
  date         = {2020},
  journaltitle = {TensorFlow},
  title        = {Deploy machine learning models on mobile and IoT devices},
  url          = {https://www.tensorflow.org/lite},
}

@Article{Girish2020,
  author       = {Girish},
  date         = {2020},
  journaltitle = {Fingent},
  title        = {Building Incredible Mobile Experiences by Combining AR and AI},
  url          = {https://www.fingent.com/blog/building-incredible-mobile-experiences-by-combining-ar-and-ai},
}

@Article{Gestalt2019,
  author       = {GestaltRobotics},
  date         = {2019},
  journaltitle = {Youtube},
  title        = {Mobile Asset Detection & Semantic Segmentation for Autonomous Vehicle Systems},
  url          = {https://www.youtube.com/watch?v=bxQ4tM5vW7Q},
}

@Comment{jabref-meta: databaseType:biblatex;}
